<?xml version="1.0" encoding="UTF-8"?><record xmlns="http://www.loc.gov/MARC21/slim" xmlns:cinclude="http://apache.org/cocoon/include/1.0" xmlns:zs="http://www.loc.gov/zing/srw/">
  <leader>00469nz  a2200121n  4500</leader>
  <controlfield tag="001">n 2007039520</controlfield>
  <controlfield tag="003">DLC</controlfield>
  <controlfield tag="005">20070605075037.0</controlfield>
  <controlfield tag="008">070604n| acannaabn          |n aaa      </controlfield>
  <datafield tag="010" ind1=" " ind2=" ">
    <subfield code="a">n 2007039520</subfield>
  </datafield>
  <datafield tag="040" ind1=" " ind2=" ">
    <subfield code="a">DLC</subfield>
    <subfield code="b">eng</subfield>
    <subfield code="c">DLC</subfield>
  </datafield>
  <datafield tag="100" ind1="1" ind2=" ">
    <subfield code="a">Nielsen, Henrik</subfield>
  </datafield>
  <datafield tag="670" ind1=" " ind2=" ">
    <subfield code="a">Bennich, Per. The GPS pocketbook, c2005:</subfield>
    <subfield code="b">cover (Henrik Nielsen) p. 3 of cover (Henrik S. Nielsen; Dr. Nielsen received a M.Sc. in Mechanical Engineering in 1984 and a Ph.D. for Product Development in Copenhagen)</subfield>
  </datafield>
</record>